%%
%% Author: nikolas
%% 12.03.18
%%

@article{gudmundsson,
    author = {Joachim Gudmundsson and Giri Narasimhan and Michiel Smid},
    a = content,
    title = "Distance-preserving approximations of polygonal paths",
    journal = {Computational Geometry 36},
    year = {2007},
    pages = {183-196},
}

@booklet{hagerup,
	author = {Torben Hagerup},
	title = "Vorlesungsskript {Informatik} {III}",
	year = {WS 17/18}
}